%YAML 1.1
%TAG !u! tag:unity3d.com,2011:
--- !u!29 &1
OcclusionCullingSettings:
  m_ObjectHideFlags: 0
  serializedVersion: 2
  m_OcclusionBakeSettings:
    smallestOccluder: 5
    smallestHole: 0.25
    backfaceThreshold: 100
  m_SceneGUID: 00000000000000000000000000000000
  m_OcclusionCullingData: {fileID: 0}
--- !u!104 &2
RenderSettings:
  m_ObjectHideFlags: 0
  serializedVersion: 7
  m_Fog: 0
  m_FogColor: {r: 0.5, g: 0.5, b: 0.5, a: 1}
  m_FogMode: 3
  m_FogDensity: 0.01
  m_LinearFogStart: 0
  m_LinearFogEnd: 300
  m_AmbientSkyColor: {r: 0.212, g: 0.227, b: 0.259, a: 1}
  m_AmbientEquatorColor: {r: 0.114, g: 0.125, b: 0.133, a: 1}
  m_AmbientGroundColor: {r: 0.047, g: 0.043, b: 0.035, a: 1}
  m_AmbientIntensity: 1
  m_AmbientMode: 0
  m_SkyboxMaterial: {fileID: 10304, guid: 0000000000000000f000000000000000, type: 0}
  m_HaloStrength: 0.5
  m_FlareStrength: 1
  m_FlareFadeSpeed: 3
  m_HaloTexture: {fileID: 0}
  m_SpotCookie: {fileID: 10001, guid: 0000000000000000e000000000000000, type: 0}
  m_DefaultReflectionMode: 0
  m_DefaultReflectionResolution: 128
  m_ReflectionBounces: 1
  m_ReflectionIntensity: 1
  m_CustomReflection: {fileID: 0}
  m_Sun: {fileID: 0}
  m_IndirectSpecularColor: {r: 0.44657874, g: 0.4964127, b: 0.5748172, a: 1}
--- !u!157 &3
LightmapSettings:
  m_ObjectHideFlags: 0
  serializedVersion: 7
  m_GIWorkflowMode: 0
  m_GISettings:
    serializedVersion: 2
    m_BounceScale: 1
    m_IndirectOutputScale: 1
    m_AlbedoBoost: 1
    m_TemporalCoherenceThreshold: 1
    m_EnvironmentLightingMode: 0
    m_EnableBakedLightmaps: 1
    m_EnableRealtimeLightmaps: 1
  m_LightmapEditorSettings:
    serializedVersion: 4
    m_Resolution: 2
    m_BakeResolution: 40
    m_TextureWidth: 1024
    m_TextureHeight: 1024
    m_AO: 0
    m_AOMaxDistance: 1
    m_CompAOExponent: 1
    m_CompAOExponentDirect: 0
    m_Padding: 2
    m_LightmapParameters: {fileID: 0}
    m_LightmapsBakeMode: 1
    m_TextureCompression: 1
    m_DirectLightInLightProbes: 1
    m_FinalGather: 0
    m_FinalGatherFiltering: 1
    m_FinalGatherRayCount: 256
    m_ReflectionCompression: 2
  m_LightingDataAsset: {fileID: 0}
  m_RuntimeCPUUsage: 25
--- !u!196 &4
NavMeshSettings:
  serializedVersion: 2
  m_ObjectHideFlags: 0
  m_BuildSettings:
    serializedVersion: 2
    agentTypeID: 0
    agentRadius: 0.5
    agentHeight: 2
    agentSlope: 45
    agentClimb: 0.4
    ledgeDropHeight: 0
    maxJumpAcrossDistance: 0
    minRegionArea: 2
    manualCellSize: 0
    cellSize: 0.16666667
    accuratePlacement: 0
  m_NavMeshData: {fileID: 0}
--- !u!1 &200751293
GameObject:
  m_ObjectHideFlags: 0
  m_PrefabParentObject: {fileID: 0}
  m_PrefabInternal: {fileID: 0}
  serializedVersion: 5
  m_Component:
  - component: {fileID: 200751298}
  - component: {fileID: 200751297}
  - component: {fileID: 200751296}
  - component: {fileID: 200751295}
  - component: {fileID: 200751294}
  - component: {fileID: 200751299}
  - component: {fileID: 200751300}
  m_Layer: 0
  m_Name: Main Camera
  m_TagString: Untagged
  m_Icon: {fileID: 0}
  m_NavMeshLayer: 0
  m_StaticEditorFlags: 0
  m_IsActive: 1
--- !u!81 &200751294
AudioListener:
  m_ObjectHideFlags: 0
  m_PrefabParentObject: {fileID: 0}
  m_PrefabInternal: {fileID: 0}
  m_GameObject: {fileID: 200751293}
  m_Enabled: 1
--- !u!92 &200751295
Behaviour:
  m_ObjectHideFlags: 0
  m_PrefabParentObject: {fileID: 0}
  m_PrefabInternal: {fileID: 0}
  m_GameObject: {fileID: 200751293}
  m_Enabled: 1
--- !u!124 &200751296
Behaviour:
  m_ObjectHideFlags: 0
  m_PrefabParentObject: {fileID: 0}
  m_PrefabInternal: {fileID: 0}
  m_GameObject: {fileID: 200751293}
  m_Enabled: 1
--- !u!20 &200751297
Camera:
  m_ObjectHideFlags: 0
  m_PrefabParentObject: {fileID: 0}
  m_PrefabInternal: {fileID: 0}
  m_GameObject: {fileID: 200751293}
  m_Enabled: 1
  serializedVersion: 2
  m_ClearFlags: 2
  m_BackGroundColor: {r: 0.30147058, g: 0.29315415, b: 0, a: 0}
  m_NormalizedViewPortRect:
    serializedVersion: 2
    x: 0
    y: 0
    width: 1
    height: 1
  near clip plane: 0.3
  far clip plane: 1000
  field of view: 60
  orthographic: 0
  orthographic size: 5
  m_Depth: 0
  m_CullingMask:
    serializedVersion: 2
    m_Bits: 4294967295
  m_RenderingPath: -1
  m_TargetTexture: {fileID: 0}
  m_TargetDisplay: 0
  m_TargetEye: 3
  m_HDR: 0
  m_OcclusionCulling: 1
  m_StereoConvergence: 10
  m_StereoSeparation: 0.022
  m_StereoMirrorMode: 0
--- !u!4 &200751298
Transform:
  m_ObjectHideFlags: 0
  m_PrefabParentObject: {fileID: 0}
  m_PrefabInternal: {fileID: 0}
  m_GameObject: {fileID: 200751293}
  m_LocalRotation: {x: -0.29074675, y: 0.06938329, z: -0.021144608, w: -0.9540468}
  m_LocalPosition: {x: 1.1147281, y: 6.0577893, z: -5.2609344}
  m_LocalScale: {x: 1, y: 1, z: 1}
  m_Children: []
  m_Father: {fileID: 0}
  m_RootOrder: 2
  m_LocalEulerAnglesHint: {x: 0, y: 0, z: 0}
--- !u!114 &200751299
MonoBehaviour:
  m_ObjectHideFlags: 0
  m_PrefabParentObject: {fileID: 0}
  m_PrefabInternal: {fileID: 0}
  m_GameObject: {fileID: 200751293}
  m_Enabled: 1
  m_EditorHideFlags: 0
  m_Script: {fileID: 11500000, guid: f76806479d916a64aa03f8e3eba7912f, type: 3}
  m_Name: 
  m_EditorClassIdentifier: 
  target: {fileID: 773776500}
  distance: 10
  height: 8
  rotationDamping: 0
  heightDamping: 0
--- !u!82 &200751300
AudioSource:
  m_ObjectHideFlags: 0
  m_PrefabParentObject: {fileID: 0}
  m_PrefabInternal: {fileID: 0}
  m_GameObject: {fileID: 200751293}
  m_Enabled: 1
  serializedVersion: 4
  OutputAudioMixerGroup: {fileID: 0}
  m_audioClip: {fileID: 8300000, guid: 8b40c1c5033f24a4f9171980dbd62bc7, type: 3}
  m_PlayOnAwake: 1
  m_Volume: 0.25
  m_Pitch: 1
  Loop: 1
  Mute: 0
  Spatialize: 0
  SpatializePostEffects: 0
  Priority: 128
  DopplerLevel: 1
  MinDistance: 1
  MaxDistance: 500
  Pan2D: 0
  rolloffMode: 0
  BypassEffects: 0
  BypassListenerEffects: 0
  BypassReverbZones: 0
  rolloffCustomCurve:
    serializedVersion: 2
    m_Curve:
    - serializedVersion: 2
      time: 0
      value: 1
      inSlope: 0
      outSlope: 0
      tangentMode: 0
    - serializedVersion: 2
      time: 1
      value: 0
      inSlope: 0
      outSlope: 0
      tangentMode: 0
    m_PreInfinity: 2
    m_PostInfinity: 2
    m_RotationOrder: 4
  panLevelCustomCurve:
    serializedVersion: 2
    m_Curve:
    - serializedVersion: 2
      time: 0
      value: 0
      inSlope: 0
      outSlope: 0
      tangentMode: 0
    m_PreInfinity: 2
    m_PostInfinity: 2
    m_RotationOrder: 0
  spreadCustomCurve:
    serializedVersion: 2
    m_Curve:
    - serializedVersion: 2
      time: 0
      value: 0
      inSlope: 0
      outSlope: 0
      tangentMode: 0
    m_PreInfinity: 2
    m_PostInfinity: 2
    m_RotationOrder: 0
  reverbZoneMixCustomCurve:
    serializedVersion: 2
    m_Curve:
    - serializedVersion: 2
      time: 0
      value: 1
      inSlope: 0
      outSlope: 0
      tangentMode: 0
    m_PreInfinity: 2
    m_PostInfinity: 2
    m_RotationOrder: 0
--- !u!1 &215852334
GameObject:
  m_ObjectHideFlags: 0
  m_PrefabParentObject: {fileID: 0}
  m_PrefabInternal: {fileID: 0}
  serializedVersion: 5
  m_Component:
  - component: {fileID: 215852335}
  m_Layer: 0
  m_Name: Enviroment
  m_TagString: Untagged
  m_Icon: {fileID: 0}
  m_NavMeshLayer: 0
  m_StaticEditorFlags: 0
  m_IsActive: 1
--- !u!4 &215852335
Transform:
  m_ObjectHideFlags: 0
  m_PrefabParentObject: {fileID: 0}
  m_PrefabInternal: {fileID: 0}
  m_GameObject: {fileID: 215852334}
  m_LocalRotation: {x: 0, y: 0, z: 0, w: 1}
  m_LocalPosition: {x: 0, y: 0, z: 0}
  m_LocalScale: {x: 1, y: 1, z: 1}
  m_Children:
  - {fileID: 1205152794}
  m_Father: {fileID: 0}
  m_RootOrder: 3
  m_LocalEulerAnglesHint: {x: 0, y: 0, z: 0}
--- !u!1 &268240815
GameObject:
  m_ObjectHideFlags: 0
  m_PrefabParentObject: {fileID: 0}
  m_PrefabInternal: {fileID: 0}
  serializedVersion: 5
  m_Component:
  - component: {fileID: 268240817}
  - component: {fileID: 268240816}
  m_Layer: 0
  m_Name: GameObject
  m_TagString: Untagged
  m_Icon: {fileID: 0}
  m_NavMeshLayer: 0
  m_StaticEditorFlags: 0
  m_IsActive: 1
--- !u!65 &268240816
BoxCollider:
  m_ObjectHideFlags: 0
  m_PrefabParentObject: {fileID: 0}
  m_PrefabInternal: {fileID: 0}
  m_GameObject: {fileID: 268240815}
  m_Material: {fileID: 13400000, guid: 3aeb7dadc0c69d54d9e5777e9d5631f1, type: 2}
  m_IsTrigger: 0
  m_Enabled: 1
  serializedVersion: 2
  m_Size: {x: 1, y: 1, z: 200}
  m_Center: {x: 0, y: 0, z: 0}
--- !u!4 &268240817
Transform:
  m_ObjectHideFlags: 0
  m_PrefabParentObject: {fileID: 0}
  m_PrefabInternal: {fileID: 0}
  m_GameObject: {fileID: 268240815}
  m_LocalRotation: {x: 0, y: 0, z: 0, w: 1}
  m_LocalPosition: {x: -103, y: 0, z: 22.9}
  m_LocalScale: {x: 1, y: 10, z: 2}
  m_Children: []
  m_Father: {fileID: 0}
  m_RootOrder: 11
  m_LocalEulerAnglesHint: {x: 0, y: 0, z: 0}
--- !u!1 &411199794
GameObject:
  m_ObjectHideFlags: 0
  m_PrefabParentObject: {fileID: 0}
  m_PrefabInternal: {fileID: 0}
  serializedVersion: 5
  m_Component:
  - component: {fileID: 411199797}
  - component: {fileID: 411199796}
  - component: {fileID: 411199795}
  m_Layer: 0
  m_Name: EventSystem
  m_TagString: Untagged
  m_Icon: {fileID: 0}
  m_NavMeshLayer: 0
  m_StaticEditorFlags: 0
  m_IsActive: 1
--- !u!114 &411199795
MonoBehaviour:
  m_ObjectHideFlags: 0
  m_PrefabParentObject: {fileID: 0}
  m_PrefabInternal: {fileID: 0}
  m_GameObject: {fileID: 411199794}
  m_Enabled: 1
  m_EditorHideFlags: 0
  m_Script: {fileID: 1077351063, guid: f5f67c52d1564df4a8936ccd202a3bd8, type: 3}
  m_Name: 
  m_EditorClassIdentifier: 
  m_HorizontalAxis: Horizontal
  m_VerticalAxis: Vertical
  m_SubmitButton: Submit
  m_CancelButton: Cancel
  m_InputActionsPerSecond: 10
  m_RepeatDelay: 0.5
  m_ForceModuleActive: 0
--- !u!114 &411199796
MonoBehaviour:
  m_ObjectHideFlags: 0
  m_PrefabParentObject: {fileID: 0}
  m_PrefabInternal: {fileID: 0}
  m_GameObject: {fileID: 411199794}
  m_Enabled: 1
  m_EditorHideFlags: 0
  m_Script: {fileID: -619905303, guid: f5f67c52d1564df4a8936ccd202a3bd8, type: 3}
  m_Name: 
  m_EditorClassIdentifier: 
  m_FirstSelected: {fileID: 0}
  m_sendNavigationEvents: 1
  m_DragThreshold: 5
--- !u!4 &411199797
Transform:
  m_ObjectHideFlags: 0
  m_PrefabParentObject: {fileID: 0}
  m_PrefabInternal: {fileID: 0}
  m_GameObject: {fileID: 411199794}
  m_LocalRotation: {x: 0, y: 0, z: 0, w: 1}
  m_LocalPosition: {x: 0, y: 0, z: 0}
  m_LocalScale: {x: 1, y: 1, z: 1}
  m_Children: []
  m_Father: {fileID: 0}
  m_RootOrder: 6
  m_LocalEulerAnglesHint: {x: 0, y: 0, z: 0}
--- !u!1001 &523564308
Prefab:
  m_ObjectHideFlags: 0
  serializedVersion: 2
  m_Modification:
    m_TransformParent: {fileID: 1374834534}
    m_Modifications:
    - target: {fileID: 4000010407286544, guid: f1f73bd9b98a447bca5b9edaa3e74ce7, type: 2}
      propertyPath: m_LocalPosition.x
      value: 0
      objectReference: {fileID: 0}
    - target: {fileID: 4000010407286544, guid: f1f73bd9b98a447bca5b9edaa3e74ce7, type: 2}
      propertyPath: m_LocalPosition.y
      value: 5
      objectReference: {fileID: 0}
    - target: {fileID: 4000010407286544, guid: f1f73bd9b98a447bca5b9edaa3e74ce7, type: 2}
      propertyPath: m_LocalPosition.z
      value: 0
      objectReference: {fileID: 0}
    - target: {fileID: 4000010407286544, guid: f1f73bd9b98a447bca5b9edaa3e74ce7, type: 2}
      propertyPath: m_LocalRotation.x
      value: 0.29554132
      objectReference: {fileID: 0}
    - target: {fileID: 4000010407286544, guid: f1f73bd9b98a447bca5b9edaa3e74ce7, type: 2}
      propertyPath: m_LocalRotation.y
      value: -0
      objectReference: {fileID: 0}
    - target: {fileID: 4000010407286544, guid: f1f73bd9b98a447bca5b9edaa3e74ce7, type: 2}
      propertyPath: m_LocalRotation.z
      value: -0
      objectReference: {fileID: 0}
    - target: {fileID: 4000010407286544, guid: f1f73bd9b98a447bca5b9edaa3e74ce7, type: 2}
      propertyPath: m_LocalRotation.w
      value: 0.95533
      objectReference: {fileID: 0}
    - target: {fileID: 4000010407286544, guid: f1f73bd9b98a447bca5b9edaa3e74ce7, type: 2}
      propertyPath: m_RootOrder
      value: 2
      objectReference: {fileID: 0}
    - target: {fileID: 1000013881891440, guid: f1f73bd9b98a447bca5b9edaa3e74ce7, type: 2}
      propertyPath: m_Name
      value: CoinSpawner (2)
      objectReference: {fileID: 0}
    m_RemovedComponents: []
  m_ParentPrefab: {fileID: 100100000, guid: f1f73bd9b98a447bca5b9edaa3e74ce7, type: 2}
  m_IsPrefabParent: 0
--- !u!4 &523564309 stripped
Transform:
  m_PrefabParentObject: {fileID: 4000010407286544, guid: f1f73bd9b98a447bca5b9edaa3e74ce7,
    type: 2}
  m_PrefabInternal: {fileID: 523564308}
--- !u!1 &635067899
GameObject:
  m_ObjectHideFlags: 0
  m_PrefabParentObject: {fileID: 0}
  m_PrefabInternal: {fileID: 0}
  serializedVersion: 5
  m_Component:
  - component: {fileID: 635067901}
  - component: {fileID: 635067900}
  m_Layer: 0
  m_Name: Game Manager
  m_TagString: Untagged
  m_Icon: {fileID: 0}
  m_NavMeshLayer: 0
  m_StaticEditorFlags: 0
  m_IsActive: 1
--- !u!114 &635067900
MonoBehaviour:
  m_ObjectHideFlags: 0
  m_PrefabParentObject: {fileID: 0}
  m_PrefabInternal: {fileID: 0}
  m_GameObject: {fileID: 635067899}
  m_Enabled: 1
  m_EditorHideFlags: 0
  m_Script: {fileID: 11500000, guid: 78f1639a477254614b325291560d5739, type: 3}
  m_Name: 
  m_EditorClassIdentifier: 
  player: {fileID: 773776494}
  gameState: 0
  score: 0
  canBeatLevel: 0
  beatLevelScore: 0
  mainCanvas: {fileID: 2006665827}
  mainScoreDisplay: {fileID: 1432469040}
  gameOverCanvas: {fileID: 1524760100}
  gameOverScoreDisplay: {fileID: 1304936050}
  beatLevelCanvas: {fileID: 0}
  backgroundMusic: {fileID: 200751300}
  gameOverSFX: {fileID: 8300000, guid: 83a759cc4de1942fbb8af781fb26bc21, type: 3}
  beatLevelSFX: {fileID: 0}
--- !u!4 &635067901
Transform:
  m_ObjectHideFlags: 0
  m_PrefabParentObject: {fileID: 0}
  m_PrefabInternal: {fileID: 0}
  m_GameObject: {fileID: 635067899}
  m_LocalRotation: {x: 0, y: 0, z: 0, w: 1}
  m_LocalPosition: {x: 0, y: 1.25, z: 0}
  m_LocalScale: {x: 1, y: 1, z: 1}
  m_Children: []
  m_Father: {fileID: 0}
  m_RootOrder: 0
  m_LocalEulerAnglesHint: {x: 0, y: 0, z: 0}
--- !u!1 &680545634
GameObject:
  m_ObjectHideFlags: 0
  m_PrefabParentObject: {fileID: 0}
  m_PrefabInternal: {fileID: 0}
  serializedVersion: 5
  m_Component:
  - component: {fileID: 680545637}
  - component: {fileID: 680545636}
  - component: {fileID: 680545635}
  m_Layer: 0
  m_Name: Terrain
  m_TagString: Untagged
  m_Icon: {fileID: 0}
  m_NavMeshLayer: 0
  m_StaticEditorFlags: 4294967295
  m_IsActive: 1
--- !u!154 &680545635
TerrainCollider:
  m_ObjectHideFlags: 0
  m_PrefabParentObject: {fileID: 0}
  m_PrefabInternal: {fileID: 0}
  m_GameObject: {fileID: 680545634}
  m_Material: {fileID: 0}
  m_Enabled: 1
  m_TerrainData: {fileID: 15600000, guid: 7f570b916f436aa4c9d4676e57349fd4, type: 2}
  m_EnableTreeColliders: 1
--- !u!218 &680545636
Terrain:
  m_ObjectHideFlags: 0
  m_PrefabParentObject: {fileID: 0}
  m_PrefabInternal: {fileID: 0}
  m_GameObject: {fileID: 680545634}
  m_Enabled: 1
  serializedVersion: 3
  m_TerrainData: {fileID: 15600000, guid: 7f570b916f436aa4c9d4676e57349fd4, type: 2}
  m_TreeDistance: 2000
  m_TreeBillboardDistance: 50
  m_TreeCrossFadeLength: 5
  m_TreeMaximumFullLODCount: 50
  m_DetailObjectDistance: 80
  m_DetailObjectDensity: 1
  m_HeightmapPixelError: 5
  m_SplatMapDistance: 1000
  m_HeightmapMaximumLOD: 0
  m_CastShadows: 1
  m_DrawHeightmap: 1
  m_DrawTreesAndFoliage: 1
  m_ReflectionProbeUsage: 1
  m_MaterialType: 0
  m_LegacySpecular:
    serializedVersion: 2
    rgba: 4286545791
  m_LegacyShininess: 0.078125
  m_MaterialTemplate: {fileID: 0}
  m_BakeLightProbesForTrees: 1
  m_ScaleInLightmap: 0.0256
  m_LightmapParameters: {fileID: 15203, guid: 0000000000000000f000000000000000, type: 0}
--- !u!4 &680545637
Transform:
  m_ObjectHideFlags: 0
  m_PrefabParentObject: {fileID: 0}
  m_PrefabInternal: {fileID: 0}
  m_GameObject: {fileID: 680545634}
  m_LocalRotation: {x: 0, y: 0, z: 0, w: 1}
  m_LocalPosition: {x: -508, y: -0.0001, z: -464}
  m_LocalScale: {x: 1, y: 1, z: 1}
  m_Children: []
  m_Father: {fileID: 0}
  m_RootOrder: 10
  m_LocalEulerAnglesHint: {x: 0, y: 0, z: 0}
--- !u!1 &773776494 stripped
GameObject:
  m_PrefabParentObject: {fileID: 100006, guid: f92c4f0fd35f24fe8bdf52861977a806, type: 3}
  m_PrefabInternal: {fileID: 1205412033}
--- !u!114 &773776495
MonoBehaviour:
  m_ObjectHideFlags: 0
  m_PrefabParentObject: {fileID: 0}
  m_PrefabInternal: {fileID: 0}
  m_GameObject: {fileID: 773776494}
  m_Enabled: 1
  m_EditorHideFlags: 0
  m_Script: {fileID: 11500000, guid: 72efb9e0cf1734f0988c6069f6220681, type: 3}
  m_Name: 
  m_EditorClassIdentifier: 
  healthPoints: 1
  respawnHealthPoints: 1
  numberOfLives: 1
  isAlive: 1
  explosionPrefab: {fileID: 1000013992700426, guid: 1e23d50e981a54bdfa99eca2008e48ce,
    type: 2}
  onLivesGone: 1
  LevelToLoad: Level1
--- !u!114 &773776496
MonoBehaviour:
  m_ObjectHideFlags: 0
  m_PrefabParentObject: {fileID: 0}
  m_PrefabInternal: {fileID: 0}
  m_GameObject: {fileID: 773776494}
  m_Enabled: 1
  m_EditorHideFlags: 0
  m_Script: {fileID: 11500000, guid: daa7e0829bc72c94babd728cc0466196, type: 3}
  m_Name: 
  m_EditorClassIdentifier: 
  cam: {fileID: 200751298}
  rotationSpeed: 3
--- !u!114 &773776497
MonoBehaviour:
  m_ObjectHideFlags: 0
  m_PrefabParentObject: {fileID: 0}
  m_PrefabInternal: {fileID: 0}
  m_GameObject: {fileID: 773776494}
  m_Enabled: 1
  m_EditorHideFlags: 0
  m_Script: {fileID: 11500000, guid: e004fefca5c7ba44d9c5ffd46fdee2ed, type: 3}
  m_Name: 
  m_EditorClassIdentifier: 
  m_MovePower: 10
  m_UseTorque: 1
  m_MaxAngularVelocity: 25
  m_JumpPower: 1
  maxSpeed: 10
--- !u!136 &773776498
CapsuleCollider:
  m_ObjectHideFlags: 0
  m_PrefabParentObject: {fileID: 0}
  m_PrefabInternal: {fileID: 0}
  m_GameObject: {fileID: 773776494}
  m_Material: {fileID: 13400000, guid: 01571ba68fb2dad46aa03094ab219579, type: 2}
  m_IsTrigger: 0
  m_Enabled: 1
  m_Radius: 29.09
  m_Height: 83.4
  m_Direction: 1
  m_Center: {x: -65, y: -25, z: -73}
--- !u!54 &773776499
Rigidbody:
  m_ObjectHideFlags: 0
  m_PrefabParentObject: {fileID: 0}
  m_PrefabInternal: {fileID: 0}
  m_GameObject: {fileID: 773776494}
  serializedVersion: 2
  m_Mass: 1
  m_Drag: 0
  m_AngularDrag: 0.05
  m_UseGravity: 1
  m_IsKinematic: 0
  m_Interpolate: 0
  m_Constraints: 112
  m_CollisionDetection: 0
--- !u!4 &773776500 stripped
Transform:
  m_PrefabParentObject: {fileID: 400006, guid: f92c4f0fd35f24fe8bdf52861977a806, type: 3}
  m_PrefabInternal: {fileID: 1205412033}
--- !u!1001 &820732521
Prefab:
  m_ObjectHideFlags: 0
  serializedVersion: 2
  m_Modification:
    m_TransformParent: {fileID: 0}
    m_Modifications:
    - target: {fileID: 4676498452736998, guid: 04d517512c6975c4aa3c653d43af91e5, type: 2}
      propertyPath: m_LocalPosition.x
      value: 16.2
      objectReference: {fileID: 0}
    - target: {fileID: 4676498452736998, guid: 04d517512c6975c4aa3c653d43af91e5, type: 2}
      propertyPath: m_LocalPosition.y
      value: 2.5
      objectReference: {fileID: 0}
    - target: {fileID: 4676498452736998, guid: 04d517512c6975c4aa3c653d43af91e5, type: 2}
      propertyPath: m_LocalPosition.z
      value: 25
      objectReference: {fileID: 0}
    - target: {fileID: 4676498452736998, guid: 04d517512c6975c4aa3c653d43af91e5, type: 2}
      propertyPath: m_LocalRotation.x
      value: 0
      objectReference: {fileID: 0}
    - target: {fileID: 4676498452736998, guid: 04d517512c6975c4aa3c653d43af91e5, type: 2}
      propertyPath: m_LocalRotation.y
      value: 0
      objectReference: {fileID: 0}
    - target: {fileID: 4676498452736998, guid: 04d517512c6975c4aa3c653d43af91e5, type: 2}
      propertyPath: m_LocalRotation.z
      value: 0
      objectReference: {fileID: 0}
    - target: {fileID: 4676498452736998, guid: 04d517512c6975c4aa3c653d43af91e5, type: 2}
      propertyPath: m_LocalRotation.w
      value: 1
      objectReference: {fileID: 0}
    - target: {fileID: 4676498452736998, guid: 04d517512c6975c4aa3c653d43af91e5, type: 2}
      propertyPath: m_RootOrder
      value: 15
      objectReference: {fileID: 0}
    m_RemovedComponents: []
  m_ParentPrefab: {fileID: 100100000, guid: 04d517512c6975c4aa3c653d43af91e5, type: 2}
  m_IsPrefabParent: 0
--- !u!1 &935604723
GameObject:
  m_ObjectHideFlags: 0
  m_PrefabParentObject: {fileID: 0}
  m_PrefabInternal: {fileID: 0}
  serializedVersion: 5
  m_Component:
  - component: {fileID: 935604725}
  - component: {fileID: 935604724}
  m_Layer: 0
  m_Name: GameObject (1)
  m_TagString: Untagged
  m_Icon: {fileID: 0}
  m_NavMeshLayer: 0
  m_StaticEditorFlags: 0
  m_IsActive: 1
--- !u!65 &935604724
BoxCollider:
  m_ObjectHideFlags: 0
  m_PrefabParentObject: {fileID: 0}
  m_PrefabInternal: {fileID: 0}
  m_GameObject: {fileID: 935604723}
  m_Material: {fileID: 13400000, guid: 3aeb7dadc0c69d54d9e5777e9d5631f1, type: 2}
  m_IsTrigger: 0
  m_Enabled: 1
  serializedVersion: 2
  m_Size: {x: 1, y: 1, z: 200}
  m_Center: {x: 0, y: 0, z: 0}
--- !u!4 &935604725
Transform:
  m_ObjectHideFlags: 0
  m_PrefabParentObject: {fileID: 0}
  m_PrefabInternal: {fileID: 0}
  m_GameObject: {fileID: 935604723}
  m_LocalRotation: {x: 0, y: 0, z: 0, w: 1}
  m_LocalPosition: {x: 144.3, y: 0.1, z: 22.9}
  m_LocalScale: {x: 1, y: 10, z: 2}
  m_Children: []
  m_Father: {fileID: 0}
  m_RootOrder: 12
  m_LocalEulerAnglesHint: {x: 0, y: 0, z: 0}
--- !u!1001 &969175274
Prefab:
  m_ObjectHideFlags: 0
  serializedVersion: 2
  m_Modification:
    m_TransformParent: {fileID: 0}
    m_Modifications:
    - target: {fileID: 4676498452736998, guid: 04d517512c6975c4aa3c653d43af91e5, type: 2}
      propertyPath: m_LocalPosition.x
      value: 71.3
      objectReference: {fileID: 0}
    - target: {fileID: 4676498452736998, guid: 04d517512c6975c4aa3c653d43af91e5, type: 2}
      propertyPath: m_LocalPosition.y
      value: 2.5
      objectReference: {fileID: 0}
    - target: {fileID: 4676498452736998, guid: 04d517512c6975c4aa3c653d43af91e5, type: 2}
      propertyPath: m_LocalPosition.z
      value: 90.7
      objectReference: {fileID: 0}
    - target: {fileID: 4676498452736998, guid: 04d517512c6975c4aa3c653d43af91e5, type: 2}
      propertyPath: m_LocalRotation.x
      value: 0
      objectReference: {fileID: 0}
    - target: {fileID: 4676498452736998, guid: 04d517512c6975c4aa3c653d43af91e5, type: 2}
      propertyPath: m_LocalRotation.y
      value: 0.92387956
      objectReference: {fileID: 0}
    - target: {fileID: 4676498452736998, guid: 04d517512c6975c4aa3c653d43af91e5, type: 2}
      propertyPath: m_LocalRotation.z
      value: 0
      objectReference: {fileID: 0}
    - target: {fileID: 4676498452736998, guid: 04d517512c6975c4aa3c653d43af91e5, type: 2}
      propertyPath: m_LocalRotation.w
      value: 0.38268343
      objectReference: {fileID: 0}
    - target: {fileID: 4676498452736998, guid: 04d517512c6975c4aa3c653d43af91e5, type: 2}
      propertyPath: m_RootOrder
      value: 16
      objectReference: {fileID: 0}
    - target: {fileID: 1901464550709258, guid: 04d517512c6975c4aa3c653d43af91e5, type: 2}
      propertyPath: m_Name
      value: Quote (1)
      objectReference: {fileID: 0}
    - target: {fileID: 4676498452736998, guid: 04d517512c6975c4aa3c653d43af91e5, type: 2}
      propertyPath: m_LocalEulerAnglesHint.y
      value: 135
      objectReference: {fileID: 0}
    - target: {fileID: 23445359631767054, guid: 04d517512c6975c4aa3c653d43af91e5,
        type: 2}
      propertyPath: m_Materials.Array.data[0]
      value: 
      objectReference: {fileID: 2100000, guid: b2c25272bc5a95d418ebdbca1ebb8d91, type: 2}
    m_RemovedComponents: []
  m_ParentPrefab: {fileID: 100100000, guid: 04d517512c6975c4aa3c653d43af91e5, type: 2}
  m_IsPrefabParent: 0
--- !u!4 &995121056 stripped
Transform:
  m_PrefabParentObject: {fileID: 4000010976480800, guid: e5539a4fc827d497fb7b69554eade894,
    type: 2}
  m_PrefabInternal: {fileID: 1858526395}
--- !u!1001 &1069022818
Prefab:
  m_ObjectHideFlags: 0
  serializedVersion: 2
  m_Modification:
    m_TransformParent: {fileID: 1374834534}
    m_Modifications:
    - target: {fileID: 4000010407286544, guid: f1f73bd9b98a447bca5b9edaa3e74ce7, type: 2}
      propertyPath: m_LocalPosition.x
      value: 0
      objectReference: {fileID: 0}
    - target: {fileID: 4000010407286544, guid: f1f73bd9b98a447bca5b9edaa3e74ce7, type: 2}
      propertyPath: m_LocalPosition.y
      value: 5
      objectReference: {fileID: 0}
    - target: {fileID: 4000010407286544, guid: f1f73bd9b98a447bca5b9edaa3e74ce7, type: 2}
      propertyPath: m_LocalPosition.z
      value: 0
      objectReference: {fileID: 0}
    - target: {fileID: 4000010407286544, guid: f1f73bd9b98a447bca5b9edaa3e74ce7, type: 2}
      propertyPath: m_LocalRotation.x
      value: 0.29554132
      objectReference: {fileID: 0}
    - target: {fileID: 4000010407286544, guid: f1f73bd9b98a447bca5b9edaa3e74ce7, type: 2}
      propertyPath: m_LocalRotation.y
      value: -0
      objectReference: {fileID: 0}
    - target: {fileID: 4000010407286544, guid: f1f73bd9b98a447bca5b9edaa3e74ce7, type: 2}
      propertyPath: m_LocalRotation.z
      value: -0
      objectReference: {fileID: 0}
    - target: {fileID: 4000010407286544, guid: f1f73bd9b98a447bca5b9edaa3e74ce7, type: 2}
      propertyPath: m_LocalRotation.w
      value: 0.95533
      objectReference: {fileID: 0}
    - target: {fileID: 4000010407286544, guid: f1f73bd9b98a447bca5b9edaa3e74ce7, type: 2}
      propertyPath: m_RootOrder
      value: 3
      objectReference: {fileID: 0}
    - target: {fileID: 1000013881891440, guid: f1f73bd9b98a447bca5b9edaa3e74ce7, type: 2}
      propertyPath: m_Name
      value: CoinSpawner (3)
      objectReference: {fileID: 0}
    m_RemovedComponents: []
  m_ParentPrefab: {fileID: 100100000, guid: f1f73bd9b98a447bca5b9edaa3e74ce7, type: 2}
  m_IsPrefabParent: 0
--- !u!4 &1069022819 stripped
Transform:
  m_PrefabParentObject: {fileID: 4000010407286544, guid: f1f73bd9b98a447bca5b9edaa3e74ce7,
    type: 2}
  m_PrefabInternal: {fileID: 1069022818}
--- !u!4 &1072620315 stripped
Transform:
  m_PrefabParentObject: {fileID: 4000010976480800, guid: e5539a4fc827d497fb7b69554eade894,
    type: 2}
  m_PrefabInternal: {fileID: 1154528702}
--- !u!1001 &1154528702
Prefab:
  m_ObjectHideFlags: 0
  serializedVersion: 2
  m_Modification:
    m_TransformParent: {fileID: 1385351087}
    m_Modifications:
    - target: {fileID: 4000010976480800, guid: e5539a4fc827d497fb7b69554eade894, type: 2}
      propertyPath: m_LocalPosition.x
      value: 0
      objectReference: {fileID: 0}
    - target: {fileID: 4000010976480800, guid: e5539a4fc827d497fb7b69554eade894, type: 2}
      propertyPath: m_LocalPosition.y
      value: 10
      objectReference: {fileID: 0}
    - target: {fileID: 4000010976480800, guid: e5539a4fc827d497fb7b69554eade894, type: 2}
      propertyPath: m_LocalPosition.z
      value: 0
      objectReference: {fileID: 0}
    - target: {fileID: 4000010976480800, guid: e5539a4fc827d497fb7b69554eade894, type: 2}
      propertyPath: m_LocalRotation.x
      value: -0
      objectReference: {fileID: 0}
    - target: {fileID: 4000010976480800, guid: e5539a4fc827d497fb7b69554eade894, type: 2}
      propertyPath: m_LocalRotation.y
      value: -0
      objectReference: {fileID: 0}
    - target: {fileID: 4000010976480800, guid: e5539a4fc827d497fb7b69554eade894, type: 2}
      propertyPath: m_LocalRotation.z
      value: -0
      objectReference: {fileID: 0}
    - target: {fileID: 4000010976480800, guid: e5539a4fc827d497fb7b69554eade894, type: 2}
      propertyPath: m_LocalRotation.w
      value: 1
      objectReference: {fileID: 0}
    - target: {fileID: 4000010976480800, guid: e5539a4fc827d497fb7b69554eade894, type: 2}
      propertyPath: m_RootOrder
      value: 3
      objectReference: {fileID: 0}
    - target: {fileID: 1000010487555954, guid: e5539a4fc827d497fb7b69554eade894, type: 2}
      propertyPath: m_Name
      value: EnemySpawner (3)
      objectReference: {fileID: 0}
    m_RemovedComponents: []
  m_ParentPrefab: {fileID: 100100000, guid: e5539a4fc827d497fb7b69554eade894, type: 2}
  m_IsPrefabParent: 0
--- !u!1001 &1205152793
Prefab:
  m_ObjectHideFlags: 0
  serializedVersion: 2
  m_Modification:
    m_TransformParent: {fileID: 215852335}
    m_Modifications:
    - target: {fileID: 4000012652205724, guid: 574eb7a3a6a494aa0914db21b0a01120, type: 2}
      propertyPath: m_LocalPosition.x
      value: 0
      objectReference: {fileID: 0}
    - target: {fileID: 4000012652205724, guid: 574eb7a3a6a494aa0914db21b0a01120, type: 2}
      propertyPath: m_LocalPosition.y
      value: -2
      objectReference: {fileID: 0}
    - target: {fileID: 4000012652205724, guid: 574eb7a3a6a494aa0914db21b0a01120, type: 2}
      propertyPath: m_LocalPosition.z
      value: 0
      objectReference: {fileID: 0}
    - target: {fileID: 4000012652205724, guid: 574eb7a3a6a494aa0914db21b0a01120, type: 2}
      propertyPath: m_LocalRotation.x
      value: -0
      objectReference: {fileID: 0}
    - target: {fileID: 4000012652205724, guid: 574eb7a3a6a494aa0914db21b0a01120, type: 2}
      propertyPath: m_LocalRotation.y
      value: -0
      objectReference: {fileID: 0}
    - target: {fileID: 4000012652205724, guid: 574eb7a3a6a494aa0914db21b0a01120, type: 2}
      propertyPath: m_LocalRotation.z
      value: -0
      objectReference: {fileID: 0}
    - target: {fileID: 4000012652205724, guid: 574eb7a3a6a494aa0914db21b0a01120, type: 2}
      propertyPath: m_LocalRotation.w
      value: 1
      objectReference: {fileID: 0}
    - target: {fileID: 4000012652205724, guid: 574eb7a3a6a494aa0914db21b0a01120, type: 2}
      propertyPath: m_RootOrder
      value: 0
      objectReference: {fileID: 0}
    - target: {fileID: 4000012652205724, guid: 574eb7a3a6a494aa0914db21b0a01120, type: 2}
      propertyPath: m_LocalScale.x
      value: 20
      objectReference: {fileID: 0}
    - target: {fileID: 4000012652205724, guid: 574eb7a3a6a494aa0914db21b0a01120, type: 2}
      propertyPath: m_LocalScale.y
      value: 1
      objectReference: {fileID: 0}
    - target: {fileID: 4000012652205724, guid: 574eb7a3a6a494aa0914db21b0a01120, type: 2}
      propertyPath: m_LocalScale.z
      value: 20
      objectReference: {fileID: 0}
    m_RemovedComponents: []
  m_ParentPrefab: {fileID: 100100000, guid: 574eb7a3a6a494aa0914db21b0a01120, type: 2}
  m_IsPrefabParent: 0
--- !u!4 &1205152794 stripped
Transform:
  m_PrefabParentObject: {fileID: 4000012652205724, guid: 574eb7a3a6a494aa0914db21b0a01120,
    type: 2}
  m_PrefabInternal: {fileID: 1205152793}
--- !u!1 &1205152795 stripped
GameObject:
  m_PrefabParentObject: {fileID: 1000011046275456, guid: 574eb7a3a6a494aa0914db21b0a01120,
    type: 2}
  m_PrefabInternal: {fileID: 1205152793}
--- !u!95 &1205152800
Animator:
  serializedVersion: 3
  m_ObjectHideFlags: 0
  m_PrefabParentObject: {fileID: 0}
  m_PrefabInternal: {fileID: 0}
  m_GameObject: {fileID: 1205152795}
  m_Enabled: 1
  m_Avatar: {fileID: 0}
  m_Controller: {fileID: 9100000, guid: 749ce5473ab034070842a84ba42738d3, type: 2}
  m_CullingMode: 0
  m_UpdateMode: 0
  m_ApplyRootMotion: 0
  m_LinearVelocityBlending: 0
  m_WarningMessage: 
  m_HasTransformHierarchy: 1
  m_AllowConstantClipSamplingOptimization: 1
--- !u!1001 &1205412033
Prefab:
  m_ObjectHideFlags: 0
  serializedVersion: 2
  m_Modification:
    m_TransformParent: {fileID: 0}
    m_Modifications:
    - target: {fileID: 400006, guid: f92c4f0fd35f24fe8bdf52861977a806, type: 3}
      propertyPath: m_LocalPosition.x
      value: 0
      objectReference: {fileID: 0}
    - target: {fileID: 400006, guid: f92c4f0fd35f24fe8bdf52861977a806, type: 3}
      propertyPath: m_LocalPosition.y
      value: 2
      objectReference: {fileID: 0}
    - target: {fileID: 400006, guid: f92c4f0fd35f24fe8bdf52861977a806, type: 3}
      propertyPath: m_LocalPosition.z
      value: 0
      objectReference: {fileID: 0}
    - target: {fileID: 400006, guid: f92c4f0fd35f24fe8bdf52861977a806, type: 3}
      propertyPath: m_LocalRotation.x
      value: 0
      objectReference: {fileID: 0}
    - target: {fileID: 400006, guid: f92c4f0fd35f24fe8bdf52861977a806, type: 3}
      propertyPath: m_LocalRotation.y
      value: 0
      objectReference: {fileID: 0}
    - target: {fileID: 400006, guid: f92c4f0fd35f24fe8bdf52861977a806, type: 3}
      propertyPath: m_LocalRotation.z
      value: 0
      objectReference: {fileID: 0}
    - target: {fileID: 400006, guid: f92c4f0fd35f24fe8bdf52861977a806, type: 3}
      propertyPath: m_LocalRotation.w
      value: 1
      objectReference: {fileID: 0}
    - target: {fileID: 400006, guid: f92c4f0fd35f24fe8bdf52861977a806, type: 3}
      propertyPath: m_RootOrder
      value: 8
      objectReference: {fileID: 0}
    - target: {fileID: 400006, guid: f92c4f0fd35f24fe8bdf52861977a806, type: 3}
      propertyPath: m_LocalScale.x
      value: 0.02
      objectReference: {fileID: 0}
    - target: {fileID: 400006, guid: f92c4f0fd35f24fe8bdf52861977a806, type: 3}
      propertyPath: m_LocalScale.y
      value: 0.02
      objectReference: {fileID: 0}
    - target: {fileID: 400006, guid: f92c4f0fd35f24fe8bdf52861977a806, type: 3}
      propertyPath: m_LocalScale.z
      value: 0.02
      objectReference: {fileID: 0}
    - target: {fileID: 2300000, guid: f92c4f0fd35f24fe8bdf52861977a806, type: 3}
      propertyPath: m_Enabled
      value: 1
      objectReference: {fileID: 0}
    - target: {fileID: 2300002, guid: f92c4f0fd35f24fe8bdf52861977a806, type: 3}
      propertyPath: m_Enabled
      value: 1
      objectReference: {fileID: 0}
    - target: {fileID: 2300004, guid: f92c4f0fd35f24fe8bdf52861977a806, type: 3}
      propertyPath: m_Enabled
      value: 1
      objectReference: {fileID: 0}
    - target: {fileID: 100006, guid: f92c4f0fd35f24fe8bdf52861977a806, type: 3}
      propertyPath: m_TagString
      value: Player
      objectReference: {fileID: 0}
    m_RemovedComponents: []
  m_ParentPrefab: {fileID: 100100000, guid: f92c4f0fd35f24fe8bdf52861977a806, type: 3}
  m_IsPrefabParent: 0
--- !u!1001 &1247368492
Prefab:
  m_ObjectHideFlags: 0
  serializedVersion: 2
  m_Modification:
    m_TransformParent: {fileID: 0}
    m_Modifications:
    - target: {fileID: 4676498452736998, guid: 04d517512c6975c4aa3c653d43af91e5, type: 2}
      propertyPath: m_LocalPosition.x
      value: 138.5
      objectReference: {fileID: 0}
    - target: {fileID: 4676498452736998, guid: 04d517512c6975c4aa3c653d43af91e5, type: 2}
      propertyPath: m_LocalPosition.y
      value: 2.5
      objectReference: {fileID: 0}
    - target: {fileID: 4676498452736998, guid: 04d517512c6975c4aa3c653d43af91e5, type: 2}
      propertyPath: m_LocalPosition.z
      value: 0.1
      objectReference: {fileID: 0}
    - target: {fileID: 4676498452736998, guid: 04d517512c6975c4aa3c653d43af91e5, type: 2}
      propertyPath: m_LocalRotation.x
      value: 0
      objectReference: {fileID: 0}
    - target: {fileID: 4676498452736998, guid: 04d517512c6975c4aa3c653d43af91e5, type: 2}
      propertyPath: m_LocalRotation.y
      value: 0.38268343
      objectReference: {fileID: 0}
    - target: {fileID: 4676498452736998, guid: 04d517512c6975c4aa3c653d43af91e5, type: 2}
      propertyPath: m_LocalRotation.z
      value: 0
      objectReference: {fileID: 0}
    - target: {fileID: 4676498452736998, guid: 04d517512c6975c4aa3c653d43af91e5, type: 2}
      propertyPath: m_LocalRotation.w
      value: 0.92387956
      objectReference: {fileID: 0}
    - target: {fileID: 4676498452736998, guid: 04d517512c6975c4aa3c653d43af91e5, type: 2}
      propertyPath: m_RootOrder
      value: 17
      objectReference: {fileID: 0}
    - target: {fileID: 1901464550709258, guid: 04d517512c6975c4aa3c653d43af91e5, type: 2}
      propertyPath: m_Name
      value: Quote (2)
      objectReference: {fileID: 0}
    - target: {fileID: 4676498452736998, guid: 04d517512c6975c4aa3c653d43af91e5, type: 2}
      propertyPath: m_LocalEulerAnglesHint.y
      value: 45
      objectReference: {fileID: 0}
    - target: {fileID: 23445359631767054, guid: 04d517512c6975c4aa3c653d43af91e5,
        type: 2}
      propertyPath: m_Materials.Array.data[0]
      value: 
      objectReference: {fileID: 2100000, guid: adde0238cd52a134fb6f9cba043c3b1a, type: 2}
    m_RemovedComponents: []
  m_ParentPrefab: {fileID: 100100000, guid: 04d517512c6975c4aa3c653d43af91e5, type: 2}
  m_IsPrefabParent: 0
--- !u!1 &1304936048
GameObject:
  m_ObjectHideFlags: 0
  m_PrefabParentObject: {fileID: 0}
  m_PrefabInternal: {fileID: 0}
  serializedVersion: 5
  m_Component:
  - component: {fileID: 1304936049}
  - component: {fileID: 1304936051}
  - component: {fileID: 1304936050}
  m_Layer: 5
  m_Name: Game Over Text
  m_TagString: Untagged
  m_Icon: {fileID: 0}
  m_NavMeshLayer: 0
  m_StaticEditorFlags: 0
  m_IsActive: 1
--- !u!224 &1304936049
RectTransform:
  m_ObjectHideFlags: 0
  m_PrefabParentObject: {fileID: 0}
  m_PrefabInternal: {fileID: 0}
  m_GameObject: {fileID: 1304936048}
  m_LocalRotation: {x: 0, y: 0, z: 0, w: 1}
  m_LocalPosition: {x: 0, y: 0, z: 0}
  m_LocalScale: {x: 1, y: 1, z: 1}
  m_Children: []
  m_Father: {fileID: 1524760104}
  m_RootOrder: 0
  m_LocalEulerAnglesHint: {x: 0, y: 0, z: 0}
  m_AnchorMin: {x: 0.5, y: 0.5}
  m_AnchorMax: {x: 0.5, y: 0.5}
  m_AnchoredPosition: {x: 0, y: 20}
  m_SizeDelta: {x: 160, y: 30}
  m_Pivot: {x: 0.5, y: 0.5}
--- !u!114 &1304936050
MonoBehaviour:
  m_ObjectHideFlags: 0
  m_PrefabParentObject: {fileID: 0}
  m_PrefabInternal: {fileID: 0}
  m_GameObject: {fileID: 1304936048}
  m_Enabled: 1
  m_EditorHideFlags: 0
  m_Script: {fileID: 708705254, guid: f5f67c52d1564df4a8936ccd202a3bd8, type: 3}
  m_Name: 
  m_EditorClassIdentifier: 
  m_Material: {fileID: 0}
  m_Color: {r: 1, g: 0.88235295, b: 0.88235295, a: 0.734}
  m_RaycastTarget: 1
  m_OnCullStateChanged:
    m_PersistentCalls:
      m_Calls: []
    m_TypeName: UnityEngine.UI.MaskableGraphic+CullStateChangedEvent, UnityEngine.UI,
      Version=1.0.0.0, Culture=neutral, PublicKeyToken=null
  m_FontData:
    m_Font: {fileID: 10102, guid: 0000000000000000e000000000000000, type: 0}
    m_FontSize: 200
    m_FontStyle: 1
    m_BestFit: 0
    m_MinSize: 2
    m_MaxSize: 200
    m_Alignment: 4
    m_AlignByGeometry: 0
    m_RichText: 1
    m_HorizontalOverflow: 1
    m_VerticalOverflow: 1
    m_LineSpacing: 1
  m_Text: 0
--- !u!222 &1304936051
CanvasRenderer:
  m_ObjectHideFlags: 0
  m_PrefabParentObject: {fileID: 0}
  m_PrefabInternal: {fileID: 0}
  m_GameObject: {fileID: 1304936048}
--- !u!1 &1374834533
GameObject:
  m_ObjectHideFlags: 0
  m_PrefabParentObject: {fileID: 0}
  m_PrefabInternal: {fileID: 0}
  serializedVersion: 5
  m_Component:
  - component: {fileID: 1374834534}
  m_Layer: 0
  m_Name: Coin Spawners
  m_TagString: Untagged
  m_Icon: {fileID: 0}
  m_NavMeshLayer: 0
  m_StaticEditorFlags: 0
  m_IsActive: 1
--- !u!4 &1374834534
Transform:
  m_ObjectHideFlags: 0
  m_PrefabParentObject: {fileID: 0}
  m_PrefabInternal: {fileID: 0}
  m_GameObject: {fileID: 1374834533}
  m_LocalRotation: {x: 0, y: 0, z: 0, w: 1}
  m_LocalPosition: {x: 0, y: 0, z: 0}
  m_LocalScale: {x: 1, y: 1, z: 1}
  m_Children:
  - {fileID: 2121493466}
  - {fileID: 1818686749}
  - {fileID: 523564309}
  - {fileID: 1069022819}
  m_Father: {fileID: 0}
  m_RootOrder: 7
  m_LocalEulerAnglesHint: {x: 0, y: 0, z: 0}
--- !u!1 &1385351086
GameObject:
  m_ObjectHideFlags: 0
  m_PrefabParentObject: {fileID: 0}
  m_PrefabInternal: {fileID: 0}
  serializedVersion: 5
  m_Component:
  - component: {fileID: 1385351087}
  m_Layer: 0
  m_Name: Enemy Spawners
  m_TagString: Untagged
  m_Icon: {fileID: 0}
  m_NavMeshLayer: 0
  m_StaticEditorFlags: 0
  m_IsActive: 1
--- !u!4 &1385351087
Transform:
  m_ObjectHideFlags: 0
  m_PrefabParentObject: {fileID: 0}
  m_PrefabInternal: {fileID: 0}
  m_GameObject: {fileID: 1385351086}
  m_LocalRotation: {x: 0, y: 0, z: 0, w: 1}
  m_LocalPosition: {x: 0, y: 0, z: 0}
  m_LocalScale: {x: 1, y: 1, z: 1}
  m_Children:
  - {fileID: 1405829059}
  - {fileID: 995121056}
  - {fileID: 1663790150}
  - {fileID: 1072620315}
  m_Father: {fileID: 0}
  m_RootOrder: 9
  m_LocalEulerAnglesHint: {x: 0, y: 0, z: 0}
--- !u!4 &1405829059 stripped
Transform:
  m_PrefabParentObject: {fileID: 4000010976480800, guid: e5539a4fc827d497fb7b69554eade894,
    type: 2}
  m_PrefabInternal: {fileID: 2127746107}
--- !u!1001 &1415357649
Prefab:
  m_ObjectHideFlags: 0
  serializedVersion: 2
  m_Modification:
    m_TransformParent: {fileID: 0}
    m_Modifications:
    - target: {fileID: 4676498452736998, guid: 04d517512c6975c4aa3c653d43af91e5, type: 2}
      propertyPath: m_LocalPosition.x
      value: 34.3
      objectReference: {fileID: 0}
    - target: {fileID: 4676498452736998, guid: 04d517512c6975c4aa3c653d43af91e5, type: 2}
      propertyPath: m_LocalPosition.y
      value: 2.5
      objectReference: {fileID: 0}
    - target: {fileID: 4676498452736998, guid: 04d517512c6975c4aa3c653d43af91e5, type: 2}
      propertyPath: m_LocalPosition.z
      value: -46.7
      objectReference: {fileID: 0}
    - target: {fileID: 4676498452736998, guid: 04d517512c6975c4aa3c653d43af91e5, type: 2}
      propertyPath: m_LocalRotation.x
      value: 0
      objectReference: {fileID: 0}
    - target: {fileID: 4676498452736998, guid: 04d517512c6975c4aa3c653d43af91e5, type: 2}
      propertyPath: m_LocalRotation.y
      value: 0.7071068
      objectReference: {fileID: 0}
    - target: {fileID: 4676498452736998, guid: 04d517512c6975c4aa3c653d43af91e5, type: 2}
      propertyPath: m_LocalRotation.z
      value: 0
      objectReference: {fileID: 0}
    - target: {fileID: 4676498452736998, guid: 04d517512c6975c4aa3c653d43af91e5, type: 2}
      propertyPath: m_LocalRotation.w
      value: 0.7071068
      objectReference: {fileID: 0}
    - target: {fileID: 4676498452736998, guid: 04d517512c6975c4aa3c653d43af91e5, type: 2}
      propertyPath: m_RootOrder
      value: 18
      objectReference: {fileID: 0}
    - target: {fileID: 1901464550709258, guid: 04d517512c6975c4aa3c653d43af91e5, type: 2}
      propertyPath: m_Name
      value: Quote (3)
      objectReference: {fileID: 0}
    - target: {fileID: 4676498452736998, guid: 04d517512c6975c4aa3c653d43af91e5, type: 2}
      propertyPath: m_LocalEulerAnglesHint.y
      value: 90
      objectReference: {fileID: 0}
    - target: {fileID: 23445359631767054, guid: 04d517512c6975c4aa3c653d43af91e5,
        type: 2}
      propertyPath: m_Materials.Array.data[0]
      value: 
      objectReference: {fileID: 2100000, guid: e6e38b818f7b4e34a844741025358b84, type: 2}
    m_RemovedComponents: []
  m_ParentPrefab: {fileID: 100100000, guid: 04d517512c6975c4aa3c653d43af91e5, type: 2}
  m_IsPrefabParent: 0
--- !u!1 &1432469038
GameObject:
  m_ObjectHideFlags: 0
  m_PrefabParentObject: {fileID: 0}
  m_PrefabInternal: {fileID: 0}
  serializedVersion: 5
  m_Component:
  - component: {fileID: 1432469039}
  - component: {fileID: 1432469041}
  - component: {fileID: 1432469040}
  m_Layer: 5
  m_Name: Score Text
  m_TagString: Untagged
  m_Icon: {fileID: 0}
  m_NavMeshLayer: 0
  m_StaticEditorFlags: 0
  m_IsActive: 1
--- !u!224 &1432469039
RectTransform:
  m_ObjectHideFlags: 0
  m_PrefabParentObject: {fileID: 0}
  m_PrefabInternal: {fileID: 0}
  m_GameObject: {fileID: 1432469038}
  m_LocalRotation: {x: 0, y: 0, z: 0, w: 1}
  m_LocalPosition: {x: 0, y: 0, z: 0}
  m_LocalScale: {x: 1, y: 1, z: 1}
  m_Children: []
  m_Father: {fileID: 2006665831}
  m_RootOrder: 0
  m_LocalEulerAnglesHint: {x: 0, y: 0, z: 0}
  m_AnchorMin: {x: 0.5, y: 1}
  m_AnchorMax: {x: 0.5, y: 1}
  m_AnchoredPosition: {x: 0, y: -8}
  m_SizeDelta: {x: 160, y: 30}
  m_Pivot: {x: 0.5, y: 1}
--- !u!114 &1432469040
MonoBehaviour:
  m_ObjectHideFlags: 0
  m_PrefabParentObject: {fileID: 0}
  m_PrefabInternal: {fileID: 0}
  m_GameObject: {fileID: 1432469038}
  m_Enabled: 1
  m_EditorHideFlags: 0
  m_Script: {fileID: 708705254, guid: f5f67c52d1564df4a8936ccd202a3bd8, type: 3}
  m_Name: 
  m_EditorClassIdentifier: 
  m_Material: {fileID: 0}
  m_Color: {r: 1, g: 0.88235295, b: 0.88235295, a: 0.734}
  m_RaycastTarget: 1
  m_OnCullStateChanged:
    m_PersistentCalls:
      m_Calls: []
    m_TypeName: UnityEngine.UI.MaskableGraphic+CullStateChangedEvent, UnityEngine.UI,
      Version=1.0.0.0, Culture=neutral, PublicKeyToken=null
  m_FontData:
    m_Font: {fileID: 10102, guid: 0000000000000000e000000000000000, type: 0}
    m_FontSize: 40
    m_FontStyle: 1
    m_BestFit: 0
    m_MinSize: 4
    m_MaxSize: 40
    m_Alignment: 4
    m_AlignByGeometry: 0
    m_RichText: 1
    m_HorizontalOverflow: 1
    m_VerticalOverflow: 1
    m_LineSpacing: 1
  m_Text: 0
--- !u!222 &1432469041
CanvasRenderer:
  m_ObjectHideFlags: 0
  m_PrefabParentObject: {fileID: 0}
  m_PrefabInternal: {fileID: 0}
  m_GameObject: {fileID: 1432469038}
--- !u!1 &1433421738
GameObject:
  m_ObjectHideFlags: 0
  m_PrefabParentObject: {fileID: 0}
  m_PrefabInternal: {fileID: 0}
  serializedVersion: 5
  m_Component:
  - component: {fileID: 1433421740}
  - component: {fileID: 1433421739}
  m_Layer: 0
  m_Name: GameObject (3)
  m_TagString: Untagged
  m_Icon: {fileID: 0}
  m_NavMeshLayer: 0
  m_StaticEditorFlags: 0
  m_IsActive: 1
--- !u!65 &1433421739
BoxCollider:
  m_ObjectHideFlags: 0
  m_PrefabParentObject: {fileID: 0}
  m_PrefabInternal: {fileID: 0}
  m_GameObject: {fileID: 1433421738}
  m_Material: {fileID: 13400000, guid: 3aeb7dadc0c69d54d9e5777e9d5631f1, type: 2}
  m_IsTrigger: 0
  m_Enabled: 1
  serializedVersion: 2
  m_Size: {x: 1, y: 1, z: 200}
  m_Center: {x: 0, y: 0, z: 0}
--- !u!4 &1433421740
Transform:
  m_ObjectHideFlags: 0
  m_PrefabParentObject: {fileID: 0}
  m_PrefabInternal: {fileID: 0}
  m_GameObject: {fileID: 1433421738}
  m_LocalRotation: {x: 0, y: 0.7071068, z: 0, w: 0.7071068}
  m_LocalPosition: {x: 20.9, y: 0, z: -72.9}
  m_LocalScale: {x: 1, y: 10, z: 2}
  m_Children: []
  m_Father: {fileID: 0}
  m_RootOrder: 14
  m_LocalEulerAnglesHint: {x: 0, y: 90, z: 0}
--- !u!1 &1503637452
GameObject:
  m_ObjectHideFlags: 0
  m_PrefabParentObject: {fileID: 0}
  m_PrefabInternal: {fileID: 0}
  serializedVersion: 5
  m_Component:
  - component: {fileID: 1503637454}
  - component: {fileID: 1503637453}
  m_Layer: 0
  m_Name: Directional Light
  m_TagString: Untagged
  m_Icon: {fileID: 0}
  m_NavMeshLayer: 0
  m_StaticEditorFlags: 0
  m_IsActive: 1
--- !u!108 &1503637453
Light:
  m_ObjectHideFlags: 0
  m_PrefabParentObject: {fileID: 0}
  m_PrefabInternal: {fileID: 0}
  m_GameObject: {fileID: 1503637452}
  m_Enabled: 1
  serializedVersion: 7
  m_Type: 1
  m_Color: {r: 1, g: 0.95686275, b: 0.8392157, a: 1}
  m_Intensity: 2
  m_Range: 10
  m_SpotAngle: 30
  m_CookieSize: 10
  m_Shadows:
    m_Type: 2
    m_Resolution: -1
    m_CustomResolution: -1
    m_Strength: 1
    m_Bias: 0.05
    m_NormalBias: 0.4
    m_NearPlane: 0.2
  m_Cookie: {fileID: 0}
  m_DrawHalo: 0
  m_Flare: {fileID: 0}
  m_RenderMode: 0
  m_CullingMask:
    serializedVersion: 2
    m_Bits: 4294967295
  m_Lightmapping: 4
  m_AreaSize: {x: 1, y: 1}
  m_BounceIntensity: 1
  m_ShadowRadius: 0
  m_ShadowAngle: 0
--- !u!4 &1503637454
Transform:
  m_ObjectHideFlags: 0
  m_PrefabParentObject: {fileID: 0}
  m_PrefabInternal: {fileID: 0}
  m_GameObject: {fileID: 1503637452}
  m_LocalRotation: {x: 0.40821788, y: -0.23456968, z: 0.10938163, w: 0.8754261}
  m_LocalPosition: {x: 0.37, y: 8.92, z: -0.63}
  m_LocalScale: {x: 1, y: 1, z: 1}
  m_Children: []
  m_Father: {fileID: 0}
  m_RootOrder: 1
  m_LocalEulerAnglesHint: {x: 50, y: -30, z: 0}
--- !u!1 &1524760100
GameObject:
  m_ObjectHideFlags: 0
  m_PrefabParentObject: {fileID: 0}
  m_PrefabInternal: {fileID: 0}
  serializedVersion: 5
  m_Component:
  - component: {fileID: 1524760104}
  - component: {fileID: 1524760103}
  - component: {fileID: 1524760102}
  - component: {fileID: 1524760101}
  m_Layer: 5
  m_Name: Game Over Canvas
  m_TagString: Untagged
  m_Icon: {fileID: 0}
  m_NavMeshLayer: 0
  m_StaticEditorFlags: 0
  m_IsActive: 0
--- !u!114 &1524760101
MonoBehaviour:
  m_ObjectHideFlags: 0
  m_PrefabParentObject: {fileID: 0}
  m_PrefabInternal: {fileID: 0}
  m_GameObject: {fileID: 1524760100}
  m_Enabled: 1
  m_EditorHideFlags: 0
  m_Script: {fileID: 1301386320, guid: f5f67c52d1564df4a8936ccd202a3bd8, type: 3}
  m_Name: 
  m_EditorClassIdentifier: 
  m_IgnoreReversedGraphics: 1
  m_BlockingObjects: 0
  m_BlockingMask:
    serializedVersion: 2
    m_Bits: 4294967295
--- !u!114 &1524760102
MonoBehaviour:
  m_ObjectHideFlags: 0
  m_PrefabParentObject: {fileID: 0}
  m_PrefabInternal: {fileID: 0}
  m_GameObject: {fileID: 1524760100}
  m_Enabled: 1
  m_EditorHideFlags: 0
  m_Script: {fileID: 1980459831, guid: f5f67c52d1564df4a8936ccd202a3bd8, type: 3}
  m_Name: 
  m_EditorClassIdentifier: 
  m_UiScaleMode: 1
  m_ReferencePixelsPerUnit: 100
  m_ScaleFactor: 1
  m_ReferenceResolution: {x: 800, y: 600}
  m_ScreenMatchMode: 0
  m_MatchWidthOrHeight: 0
  m_PhysicalUnit: 3
  m_FallbackScreenDPI: 96
  m_DefaultSpriteDPI: 96
  m_DynamicPixelsPerUnit: 1
--- !u!223 &1524760103
Canvas:
  m_ObjectHideFlags: 0
  m_PrefabParentObject: {fileID: 0}
  m_PrefabInternal: {fileID: 0}
  m_GameObject: {fileID: 1524760100}
  m_Enabled: 1
  serializedVersion: 2
  m_RenderMode: 0
  m_Camera: {fileID: 0}
  m_PlaneDistance: 100
  m_PixelPerfect: 0
  m_ReceivesEvents: 1
  m_OverrideSorting: 0
  m_OverridePixelPerfect: 0
  m_SortingBucketNormalizedSize: 0
  m_SortingLayerID: 0
  m_SortingOrder: 0
  m_TargetDisplay: 0
--- !u!224 &1524760104
RectTransform:
  m_ObjectHideFlags: 0
  m_PrefabParentObject: {fileID: 0}
  m_PrefabInternal: {fileID: 0}
  m_GameObject: {fileID: 1524760100}
  m_LocalRotation: {x: 0, y: 0, z: 0, w: 1}
  m_LocalPosition: {x: 0, y: 0, z: 0}
  m_LocalScale: {x: 0, y: 0, z: 0}
  m_Children:
  - {fileID: 1304936049}
  - {fileID: 1690882573}
  m_Father: {fileID: 0}
  m_RootOrder: 5
  m_LocalEulerAnglesHint: {x: 0, y: 0, z: 0}
  m_AnchorMin: {x: 0, y: 0}
  m_AnchorMax: {x: 0, y: 0}
  m_AnchoredPosition: {x: 0, y: 0}
  m_SizeDelta: {x: 0, y: 0}
  m_Pivot: {x: 0, y: 0}
--- !u!1001 &1548749107
Prefab:
  m_ObjectHideFlags: 0
  serializedVersion: 2
  m_Modification:
    m_TransformParent: {fileID: 1385351087}
    m_Modifications:
    - target: {fileID: 4000010976480800, guid: e5539a4fc827d497fb7b69554eade894, type: 2}
      propertyPath: m_LocalPosition.x
      value: 0
      objectReference: {fileID: 0}
    - target: {fileID: 4000010976480800, guid: e5539a4fc827d497fb7b69554eade894, type: 2}
      propertyPath: m_LocalPosition.y
      value: 10
      objectReference: {fileID: 0}
    - target: {fileID: 4000010976480800, guid: e5539a4fc827d497fb7b69554eade894, type: 2}
      propertyPath: m_LocalPosition.z
      value: 0
      objectReference: {fileID: 0}
    - target: {fileID: 4000010976480800, guid: e5539a4fc827d497fb7b69554eade894, type: 2}
      propertyPath: m_LocalRotation.x
      value: -0
      objectReference: {fileID: 0}
    - target: {fileID: 4000010976480800, guid: e5539a4fc827d497fb7b69554eade894, type: 2}
      propertyPath: m_LocalRotation.y
      value: -0
      objectReference: {fileID: 0}
    - target: {fileID: 4000010976480800, guid: e5539a4fc827d497fb7b69554eade894, type: 2}
      propertyPath: m_LocalRotation.z
      value: -0
      objectReference: {fileID: 0}
    - target: {fileID: 4000010976480800, guid: e5539a4fc827d497fb7b69554eade894, type: 2}
      propertyPath: m_LocalRotation.w
      value: 1
      objectReference: {fileID: 0}
    - target: {fileID: 4000010976480800, guid: e5539a4fc827d497fb7b69554eade894, type: 2}
      propertyPath: m_RootOrder
      value: 2
      objectReference: {fileID: 0}
    - target: {fileID: 1000010487555954, guid: e5539a4fc827d497fb7b69554eade894, type: 2}
      propertyPath: m_Name
      value: EnemySpawner (2)
      objectReference: {fileID: 0}
    - target: {fileID: 114000014144170346, guid: e5539a4fc827d497fb7b69554eade894,
        type: 2}
      propertyPath: spawnPrefab
      value: 
      objectReference: {fileID: 1073935790364800, guid: 19b2bc196b195064cb0461c1712ee30d,
        type: 2}
    m_RemovedComponents: []
  m_ParentPrefab: {fileID: 100100000, guid: e5539a4fc827d497fb7b69554eade894, type: 2}
  m_IsPrefabParent: 0
--- !u!1 &1552317959
GameObject:
  m_ObjectHideFlags: 0
  m_PrefabParentObject: {fileID: 0}
  m_PrefabInternal: {fileID: 0}
  serializedVersion: 5
  m_Component:
  - component: {fileID: 1552317960}
  - component: {fileID: 1552317963}
  - component: {fileID: 1552317962}
  - component: {fileID: 1552317961}
  m_Layer: 5
  m_Name: PlayAgain Text
  m_TagString: Untagged
  m_Icon: {fileID: 0}
  m_NavMeshLayer: 0
  m_StaticEditorFlags: 0
  m_IsActive: 1
--- !u!224 &1552317960
RectTransform:
  m_ObjectHideFlags: 0
  m_PrefabParentObject: {fileID: 0}
  m_PrefabInternal: {fileID: 0}
  m_GameObject: {fileID: 1552317959}
  m_LocalRotation: {x: 0, y: 0, z: 0, w: 1}
  m_LocalPosition: {x: 0, y: 0, z: 0}
  m_LocalScale: {x: 1, y: 1, z: 1}
  m_Children: []
  m_Father: {fileID: 1690882573}
  m_RootOrder: 0
  m_LocalEulerAnglesHint: {x: 0, y: 0, z: 0}
  m_AnchorMin: {x: 0, y: 0}
  m_AnchorMax: {x: 1, y: 1}
  m_AnchoredPosition: {x: 0, y: 0}
  m_SizeDelta: {x: 0, y: 0}
  m_Pivot: {x: 0.5, y: 0.5}
--- !u!114 &1552317961
MonoBehaviour:
  m_ObjectHideFlags: 0
  m_PrefabParentObject: {fileID: 0}
  m_PrefabInternal: {fileID: 0}
  m_GameObject: {fileID: 1552317959}
  m_Enabled: 1
  m_EditorHideFlags: 0
  m_Script: {fileID: 11500000, guid: 64f8043d604074445a91b7d76ee56a20, type: 3}
  m_Name: 
  m_EditorClassIdentifier: 
  LevelToLoad: Level1
--- !u!114 &1552317962
MonoBehaviour:
  m_ObjectHideFlags: 0
  m_PrefabParentObject: {fileID: 0}
  m_PrefabInternal: {fileID: 0}
  m_GameObject: {fileID: 1552317959}
  m_Enabled: 1
  m_EditorHideFlags: 0
  m_Script: {fileID: 708705254, guid: f5f67c52d1564df4a8936ccd202a3bd8, type: 3}
  m_Name: 
  m_EditorClassIdentifier: 
  m_Material: {fileID: 0}
  m_Color: {r: 1, g: 0.88235295, b: 0.88235295, a: 0.734}
  m_RaycastTarget: 1
  m_OnCullStateChanged:
    m_PersistentCalls:
      m_Calls: []
    m_TypeName: UnityEngine.UI.MaskableGraphic+CullStateChangedEvent, UnityEngine.UI,
      Version=1.0.0.0, Culture=neutral, PublicKeyToken=null
  m_FontData:
    m_Font: {fileID: 10102, guid: 0000000000000000e000000000000000, type: 0}
    m_FontSize: 22
    m_FontStyle: 1
    m_BestFit: 0
    m_MinSize: 0
    m_MaxSize: 40
    m_Alignment: 4
    m_AlignByGeometry: 0
    m_RichText: 1
    m_HorizontalOverflow: 1
    m_VerticalOverflow: 1
    m_LineSpacing: 1
  m_Text: Play Again
--- !u!222 &1552317963
CanvasRenderer:
  m_ObjectHideFlags: 0
  m_PrefabParentObject: {fileID: 0}
  m_PrefabInternal: {fileID: 0}
  m_GameObject: {fileID: 1552317959}
--- !u!4 &1663790150 stripped
Transform:
  m_PrefabParentObject: {fileID: 4000010976480800, guid: e5539a4fc827d497fb7b69554eade894,
    type: 2}
  m_PrefabInternal: {fileID: 1548749107}
--- !u!1 &1690882572
GameObject:
  m_ObjectHideFlags: 0
  m_PrefabParentObject: {fileID: 0}
  m_PrefabInternal: {fileID: 0}
  serializedVersion: 5
  m_Component:
  - component: {fileID: 1690882573}
  - component: {fileID: 1690882576}
  - component: {fileID: 1690882575}
  - component: {fileID: 1690882574}
  m_Layer: 5
  m_Name: Play again Button
  m_TagString: Untagged
  m_Icon: {fileID: 0}
  m_NavMeshLayer: 0
  m_StaticEditorFlags: 0
  m_IsActive: 1
--- !u!224 &1690882573
RectTransform:
  m_ObjectHideFlags: 0
  m_PrefabParentObject: {fileID: 0}
  m_PrefabInternal: {fileID: 0}
  m_GameObject: {fileID: 1690882572}
  m_LocalRotation: {x: 0, y: 0, z: 0, w: 1}
  m_LocalPosition: {x: 0, y: 0, z: 0}
  m_LocalScale: {x: 1, y: 1, z: 1}
  m_Children:
  - {fileID: 1552317960}
  m_Father: {fileID: 1524760104}
  m_RootOrder: 1
  m_LocalEulerAnglesHint: {x: 0, y: 0, z: 0}
  m_AnchorMin: {x: 0.5, y: 0.5}
  m_AnchorMax: {x: 0.5, y: 0.5}
  m_AnchoredPosition: {x: 0, y: -70}
  m_SizeDelta: {x: 160, y: 30}
  m_Pivot: {x: 0.5, y: 0.5}
--- !u!114 &1690882574
MonoBehaviour:
  m_ObjectHideFlags: 0
  m_PrefabParentObject: {fileID: 0}
  m_PrefabInternal: {fileID: 0}
  m_GameObject: {fileID: 1690882572}
  m_Enabled: 1
  m_EditorHideFlags: 0
  m_Script: {fileID: 1392445389, guid: f5f67c52d1564df4a8936ccd202a3bd8, type: 3}
  m_Name: 
  m_EditorClassIdentifier: 
  m_Navigation:
    m_Mode: 3
    m_SelectOnUp: {fileID: 0}
    m_SelectOnDown: {fileID: 0}
    m_SelectOnLeft: {fileID: 0}
    m_SelectOnRight: {fileID: 0}
  m_Transition: 1
  m_Colors:
    m_NormalColor: {r: 1, g: 1, b: 1, a: 1}
    m_HighlightedColor: {r: 0.9607843, g: 0.9607843, b: 0.9607843, a: 1}
    m_PressedColor: {r: 0.78431374, g: 0.78431374, b: 0.78431374, a: 1}
    m_DisabledColor: {r: 0.78431374, g: 0.78431374, b: 0.78431374, a: 0.5019608}
    m_ColorMultiplier: 1
    m_FadeDuration: 0.1
  m_SpriteState:
    m_HighlightedSprite: {fileID: 0}
    m_PressedSprite: {fileID: 0}
    m_DisabledSprite: {fileID: 0}
  m_AnimationTriggers:
    m_NormalTrigger: Normal
    m_HighlightedTrigger: Highlighted
    m_PressedTrigger: Pressed
    m_DisabledTrigger: Disabled
  m_Interactable: 1
  m_TargetGraphic: {fileID: 1690882575}
  m_OnClick:
    m_PersistentCalls:
      m_Calls:
      - m_Target: {fileID: 1552317961}
        m_MethodName: loadLevel
        m_Mode: 1
        m_Arguments:
          m_ObjectArgument: {fileID: 0}
          m_ObjectArgumentAssemblyTypeName: UnityEngine.Object, UnityEngine
          m_IntArgument: 0
          m_FloatArgument: 0
          m_StringArgument: 
          m_BoolArgument: 0
        m_CallState: 2
    m_TypeName: UnityEngine.UI.Button+ButtonClickedEvent, UnityEngine.UI, Version=1.0.0.0,
      Culture=neutral, PublicKeyToken=null
--- !u!114 &1690882575
MonoBehaviour:
  m_ObjectHideFlags: 0
  m_PrefabParentObject: {fileID: 0}
  m_PrefabInternal: {fileID: 0}
  m_GameObject: {fileID: 1690882572}
  m_Enabled: 1
  m_EditorHideFlags: 0
  m_Script: {fileID: -765806418, guid: f5f67c52d1564df4a8936ccd202a3bd8, type: 3}
  m_Name: 
  m_EditorClassIdentifier: 
  m_Material: {fileID: 0}
  m_Color: {r: 1, g: 1, b: 1, a: 1}
  m_RaycastTarget: 1
  m_OnCullStateChanged:
    m_PersistentCalls:
      m_Calls: []
    m_TypeName: UnityEngine.UI.MaskableGraphic+CullStateChangedEvent, UnityEngine.UI,
      Version=1.0.0.0, Culture=neutral, PublicKeyToken=null
  m_Sprite: {fileID: 10905, guid: 0000000000000000f000000000000000, type: 0}
  m_Type: 1
  m_PreserveAspect: 0
  m_FillCenter: 0
  m_FillMethod: 4
  m_FillAmount: 1
  m_FillClockwise: 1
  m_FillOrigin: 0
--- !u!222 &1690882576
CanvasRenderer:
  m_ObjectHideFlags: 0
  m_PrefabParentObject: {fileID: 0}
  m_PrefabInternal: {fileID: 0}
  m_GameObject: {fileID: 1690882572}
--- !u!1001 &1818686748
Prefab:
  m_ObjectHideFlags: 0
  serializedVersion: 2
  m_Modification:
    m_TransformParent: {fileID: 1374834534}
    m_Modifications:
    - target: {fileID: 4000010407286544, guid: f1f73bd9b98a447bca5b9edaa3e74ce7, type: 2}
      propertyPath: m_LocalPosition.x
      value: 0
      objectReference: {fileID: 0}
    - target: {fileID: 4000010407286544, guid: f1f73bd9b98a447bca5b9edaa3e74ce7, type: 2}
      propertyPath: m_LocalPosition.y
      value: 5
      objectReference: {fileID: 0}
    - target: {fileID: 4000010407286544, guid: f1f73bd9b98a447bca5b9edaa3e74ce7, type: 2}
      propertyPath: m_LocalPosition.z
      value: 0
      objectReference: {fileID: 0}
    - target: {fileID: 4000010407286544, guid: f1f73bd9b98a447bca5b9edaa3e74ce7, type: 2}
      propertyPath: m_LocalRotation.x
      value: 0.29554132
      objectReference: {fileID: 0}
    - target: {fileID: 4000010407286544, guid: f1f73bd9b98a447bca5b9edaa3e74ce7, type: 2}
      propertyPath: m_LocalRotation.y
      value: -0
      objectReference: {fileID: 0}
    - target: {fileID: 4000010407286544, guid: f1f73bd9b98a447bca5b9edaa3e74ce7, type: 2}
      propertyPath: m_LocalRotation.z
      value: -0
      objectReference: {fileID: 0}
    - target: {fileID: 4000010407286544, guid: f1f73bd9b98a447bca5b9edaa3e74ce7, type: 2}
      propertyPath: m_LocalRotation.w
      value: 0.95533
      objectReference: {fileID: 0}
    - target: {fileID: 4000010407286544, guid: f1f73bd9b98a447bca5b9edaa3e74ce7, type: 2}
      propertyPath: m_RootOrder
      value: 1
      objectReference: {fileID: 0}
    - target: {fileID: 1000013881891440, guid: f1f73bd9b98a447bca5b9edaa3e74ce7, type: 2}
      propertyPath: m_Name
      value: CoinSpawner (1)
      objectReference: {fileID: 0}
    m_RemovedComponents: []
  m_ParentPrefab: {fileID: 100100000, guid: f1f73bd9b98a447bca5b9edaa3e74ce7, type: 2}
  m_IsPrefabParent: 0
--- !u!4 &1818686749 stripped
Transform:
  m_PrefabParentObject: {fileID: 4000010407286544, guid: f1f73bd9b98a447bca5b9edaa3e74ce7,
    type: 2}
  m_PrefabInternal: {fileID: 1818686748}
--- !u!1001 &1858526395
Prefab:
  m_ObjectHideFlags: 0
  serializedVersion: 2
  m_Modification:
    m_TransformParent: {fileID: 1385351087}
    m_Modifications:
    - target: {fileID: 4000010976480800, guid: e5539a4fc827d497fb7b69554eade894, type: 2}
      propertyPath: m_LocalPosition.x
      value: 0
      objectReference: {fileID: 0}
    - target: {fileID: 4000010976480800, guid: e5539a4fc827d497fb7b69554eade894, type: 2}
      propertyPath: m_LocalPosition.y
      value: 10
      objectReference: {fileID: 0}
    - target: {fileID: 4000010976480800, guid: e5539a4fc827d497fb7b69554eade894, type: 2}
      propertyPath: m_LocalPosition.z
      value: 0
      objectReference: {fileID: 0}
    - target: {fileID: 4000010976480800, guid: e5539a4fc827d497fb7b69554eade894, type: 2}
      propertyPath: m_LocalRotation.x
      value: -0
      objectReference: {fileID: 0}
    - target: {fileID: 4000010976480800, guid: e5539a4fc827d497fb7b69554eade894, type: 2}
      propertyPath: m_LocalRotation.y
      value: -0
      objectReference: {fileID: 0}
    - target: {fileID: 4000010976480800, guid: e5539a4fc827d497fb7b69554eade894, type: 2}
      propertyPath: m_LocalRotation.z
      value: -0
      objectReference: {fileID: 0}
    - target: {fileID: 4000010976480800, guid: e5539a4fc827d497fb7b69554eade894, type: 2}
      propertyPath: m_LocalRotation.w
      value: 1
      objectReference: {fileID: 0}
    - target: {fileID: 4000010976480800, guid: e5539a4fc827d497fb7b69554eade894, type: 2}
      propertyPath: m_RootOrder
      value: 1
      objectReference: {fileID: 0}
    - target: {fileID: 1000010487555954, guid: e5539a4fc827d497fb7b69554eade894, type: 2}
      propertyPath: m_Name
      value: EnemySpawner (1)
      objectReference: {fileID: 0}
    m_RemovedComponents: []
  m_ParentPrefab: {fileID: 100100000, guid: e5539a4fc827d497fb7b69554eade894, type: 2}
  m_IsPrefabParent: 0
--- !u!1 &1921338849
GameObject:
  m_ObjectHideFlags: 0
  m_PrefabParentObject: {fileID: 0}
  m_PrefabInternal: {fileID: 0}
  serializedVersion: 5
  m_Component:
  - component: {fileID: 1921338851}
  - component: {fileID: 1921338850}
  m_Layer: 0
  m_Name: GameObject (2)
  m_TagString: Untagged
  m_Icon: {fileID: 0}
  m_NavMeshLayer: 0
  m_StaticEditorFlags: 0
  m_IsActive: 1
--- !u!65 &1921338850
BoxCollider:
  m_ObjectHideFlags: 0
  m_PrefabParentObject: {fileID: 0}
  m_PrefabInternal: {fileID: 0}
  m_GameObject: {fileID: 1921338849}
  m_Material: {fileID: 13400000, guid: 3aeb7dadc0c69d54d9e5777e9d5631f1, type: 2}
  m_IsTrigger: 0
  m_Enabled: 1
  serializedVersion: 2
  m_Size: {x: 1, y: 1, z: 200}
  m_Center: {x: 0, y: 0, z: 0}
--- !u!4 &1921338851
Transform:
  m_ObjectHideFlags: 0
  m_PrefabParentObject: {fileID: 0}
  m_PrefabInternal: {fileID: 0}
  m_GameObject: {fileID: 1921338849}
  m_LocalRotation: {x: 0, y: 0.7071068, z: 0, w: 0.7071068}
  m_LocalPosition: {x: 20.9, y: 0, z: 101.3}
  m_LocalScale: {x: 1, y: 10, z: 2}
  m_Children: []
  m_Father: {fileID: 0}
  m_RootOrder: 13
  m_LocalEulerAnglesHint: {x: 0, y: 90, z: 0}
--- !u!1 &2006665827
GameObject:
  m_ObjectHideFlags: 0
  m_PrefabParentObject: {fileID: 0}
  m_PrefabInternal: {fileID: 0}
  serializedVersion: 5
  m_Component:
  - component: {fileID: 2006665831}
  - component: {fileID: 2006665830}
  - component: {fileID: 2006665829}
  - component: {fileID: 2006665828}
  m_Layer: 5
  m_Name: Main Canvas
  m_TagString: Untagged
  m_Icon: {fileID: 0}
  m_NavMeshLayer: 0
  m_StaticEditorFlags: 0
  m_IsActive: 1
--- !u!114 &2006665828
MonoBehaviour:
  m_ObjectHideFlags: 0
  m_PrefabParentObject: {fileID: 0}
  m_PrefabInternal: {fileID: 0}
  m_GameObject: {fileID: 2006665827}
  m_Enabled: 1
  m_EditorHideFlags: 0
  m_Script: {fileID: 1301386320, guid: f5f67c52d1564df4a8936ccd202a3bd8, type: 3}
  m_Name: 
  m_EditorClassIdentifier: 
  m_IgnoreReversedGraphics: 1
  m_BlockingObjects: 0
  m_BlockingMask:
    serializedVersion: 2
    m_Bits: 4294967295
--- !u!114 &2006665829
MonoBehaviour:
  m_ObjectHideFlags: 0
  m_PrefabParentObject: {fileID: 0}
  m_PrefabInternal: {fileID: 0}
  m_GameObject: {fileID: 2006665827}
  m_Enabled: 1
  m_EditorHideFlags: 0
  m_Script: {fileID: 1980459831, guid: f5f67c52d1564df4a8936ccd202a3bd8, type: 3}
  m_Name: 
  m_EditorClassIdentifier: 
  m_UiScaleMode: 1
  m_ReferencePixelsPerUnit: 100
  m_ScaleFactor: 1
  m_ReferenceResolution: {x: 800, y: 600}
  m_ScreenMatchMode: 0
  m_MatchWidthOrHeight: 0
  m_PhysicalUnit: 3
  m_FallbackScreenDPI: 96
  m_DefaultSpriteDPI: 96
  m_DynamicPixelsPerUnit: 1
--- !u!223 &2006665830
Canvas:
  m_ObjectHideFlags: 0
  m_PrefabParentObject: {fileID: 0}
  m_PrefabInternal: {fileID: 0}
  m_GameObject: {fileID: 2006665827}
  m_Enabled: 1
  serializedVersion: 2
  m_RenderMode: 0
  m_Camera: {fileID: 0}
  m_PlaneDistance: 100
  m_PixelPerfect: 0
  m_ReceivesEvents: 1
  m_OverrideSorting: 0
  m_OverridePixelPerfect: 0
  m_SortingBucketNormalizedSize: 0
  m_SortingLayerID: 0
  m_SortingOrder: 0
  m_TargetDisplay: 0
--- !u!224 &2006665831
RectTransform:
  m_ObjectHideFlags: 0
  m_PrefabParentObject: {fileID: 0}
  m_PrefabInternal: {fileID: 0}
  m_GameObject: {fileID: 2006665827}
  m_LocalRotation: {x: 0, y: 0, z: 0, w: 1}
  m_LocalPosition: {x: 0, y: 0, z: 0}
  m_LocalScale: {x: 0, y: 0, z: 0}
  m_Children:
  - {fileID: 1432469039}
  m_Father: {fileID: 0}
  m_RootOrder: 4
  m_LocalEulerAnglesHint: {x: 0, y: 0, z: 0}
  m_AnchorMin: {x: 0, y: 0}
  m_AnchorMax: {x: 0, y: 0}
  m_AnchoredPosition: {x: 0, y: 0}
  m_SizeDelta: {x: 0, y: 0}
  m_Pivot: {x: 0, y: 0}
--- !u!1001 &2121493465
Prefab:
  m_ObjectHideFlags: 0
  serializedVersion: 2
  m_Modification:
    m_TransformParent: {fileID: 1374834534}
    m_Modifications:
    - target: {fileID: 4000010407286544, guid: f1f73bd9b98a447bca5b9edaa3e74ce7, type: 2}
      propertyPath: m_LocalPosition.x
      value: 0
      objectReference: {fileID: 0}
    - target: {fileID: 4000010407286544, guid: f1f73bd9b98a447bca5b9edaa3e74ce7, type: 2}
      propertyPath: m_LocalPosition.y
      value: 5
      objectReference: {fileID: 0}
    - target: {fileID: 4000010407286544, guid: f1f73bd9b98a447bca5b9edaa3e74ce7, type: 2}
      propertyPath: m_LocalPosition.z
      value: 0
      objectReference: {fileID: 0}
    - target: {fileID: 4000010407286544, guid: f1f73bd9b98a447bca5b9edaa3e74ce7, type: 2}
      propertyPath: m_LocalRotation.x
      value: 0.29554132
      objectReference: {fileID: 0}
    - target: {fileID: 4000010407286544, guid: f1f73bd9b98a447bca5b9edaa3e74ce7, type: 2}
      propertyPath: m_LocalRotation.y
      value: 0
      objectReference: {fileID: 0}
    - target: {fileID: 4000010407286544, guid: f1f73bd9b98a447bca5b9edaa3e74ce7, type: 2}
      propertyPath: m_LocalRotation.z
      value: 0
      objectReference: {fileID: 0}
    - target: {fileID: 4000010407286544, guid: f1f73bd9b98a447bca5b9edaa3e74ce7, type: 2}
      propertyPath: m_LocalRotation.w
      value: 0.95533
      objectReference: {fileID: 0}
    - target: {fileID: 4000010407286544, guid: f1f73bd9b98a447bca5b9edaa3e74ce7, type: 2}
      propertyPath: m_RootOrder
      value: 0
      objectReference: {fileID: 0}
    m_RemovedComponents: []
  m_ParentPrefab: {fileID: 100100000, guid: f1f73bd9b98a447bca5b9edaa3e74ce7, type: 2}
  m_IsPrefabParent: 0
--- !u!4 &2121493466 stripped
Transform:
  m_PrefabParentObject: {fileID: 4000010407286544, guid: f1f73bd9b98a447bca5b9edaa3e74ce7,
    type: 2}
  m_PrefabInternal: {fileID: 2121493465}
--- !u!1001 &2127746107
Prefab:
  m_ObjectHideFlags: 0
  serializedVersion: 2
  m_Modification:
    m_TransformParent: {fileID: 1385351087}
    m_Modifications:
    - target: {fileID: 4000010976480800, guid: e5539a4fc827d497fb7b69554eade894, type: 2}
      propertyPath: m_LocalPosition.x
      value: 0
      objectReference: {fileID: 0}
    - target: {fileID: 4000010976480800, guid: e5539a4fc827d497fb7b69554eade894, type: 2}
      propertyPath: m_LocalPosition.y
      value: 10
      objectReference: {fileID: 0}
    - target: {fileID: 4000010976480800, guid: e5539a4fc827d497fb7b69554eade894, type: 2}
      propertyPath: m_LocalPosition.z
      value: 0
      objectReference: {fileID: 0}
    - target: {fileID: 4000010976480800, guid: e5539a4fc827d497fb7b69554eade894, type: 2}
      propertyPath: m_LocalRotation.x
      value: 0
      objectReference: {fileID: 0}
    - target: {fileID: 4000010976480800, guid: e5539a4fc827d497fb7b69554eade894, type: 2}
      propertyPath: m_LocalRotation.y
      value: 0
      objectReference: {fileID: 0}
    - target: {fileID: 4000010976480800, guid: e5539a4fc827d497fb7b69554eade894, type: 2}
      propertyPath: m_LocalRotation.z
      value: 0
      objectReference: {fileID: 0}
    - target: {fileID: 4000010976480800, guid: e5539a4fc827d497fb7b69554eade894, type: 2}
      propertyPath: m_LocalRotation.w
      value: 1
      objectReference: {fileID: 0}
    - target: {fileID: 4000010976480800, guid: e5539a4fc827d497fb7b69554eade894, type: 2}
      propertyPath: m_RootOrder
      value: 0
      objectReference: {fileID: 0}
    - target: {fileID: 114000014144170346, guid: e5539a4fc827d497fb7b69554eade894,
        type: 2}
      propertyPath: spawnPrefab
      value: 
      objectReference: {fileID: 1814981075535290, guid: c13fae03b202d7c43950c2f99a96a5cb,
        type: 2}
    - target: {fileID: 114000014144170346, guid: e5539a4fc827d497fb7b69554eade894,
        type: 2}
      propertyPath: minSecondsBetweenSpawning
      value: 8
      objectReference: {fileID: 0}
    - target: {fileID: 114000014144170346, guid: e5539a4fc827d497fb7b69554eade894,
        type: 2}
      propertyPath: maxSecondsBetweenSpawning
      value: 15
      objectReference: {fileID: 0}
    m_RemovedComponents: []
  m_ParentPrefab: {fileID: 100100000, guid: e5539a4fc827d497fb7b69554eade894, type: 2}
  m_IsPrefabParent: 0
